@ARTICLE{EN,
       author = {{Jeffrey}, Niall and {Wandelt}, Benjamin D.},
        title = "{Evidence Networks: simple losses for fast, amortized, neural Bayesian model comparison}",
      journal = {arXiv e-prints},
     keywords = {Computer Science - Machine Learning, Astrophysics - Cosmology and Nongalactic Astrophysics, Astrophysics - Instrumentation and Methods for Astrophysics, Statistics - Machine Learning},
         year = 2023,
        month = may,
          eid = {arXiv:2305.11241},
        pages = {arXiv:2305.11241},
          doi = {10.48550/arXiv.2305.11241},
archivePrefix = {arXiv},
       eprint = {2305.11241},
 primaryClass = {cs.LG},
       adsurl = {https://ui.adsabs.harvard.edu/abs/2023arXiv230511241J},
      adsnote = {Provided by the SAO/NASA Astrophysics Data System}
}



@ARTICLE{POLYCHORD_I,
       author = {{Handley}, W.~J. and {Hobson}, M.~P. and {Lasenby}, A.~N.},
        title = "{polychord: nested sampling for cosmology.}",
      journal = {\mnras},
     keywords = {methods: data analysis, methods: statistical, Astrophysics - Cosmology and Nongalactic Astrophysics, Astrophysics - Instrumentation and Methods for Astrophysics},
         year = 2015,
        month = jun,
       volume = {450},
        pages = {L61-L65},
          doi = {10.1093/mnrasl/slv047},
archivePrefix = {arXiv},
       eprint = {1502.01856},
 primaryClass = {astro-ph.CO},
       adsurl = {https://ui.adsabs.harvard.edu/abs/2015MNRAS.450L..61H},
      adsnote = {Provided by the SAO/NASA Astrophysics Data System}
}



@ARTICLE{POLYCHORD_II,
       author = {{Handley}, W.~J. and {Hobson}, M.~P. and {Lasenby}, A.~N.},
        title = "{POLYCHORD: next-generation nested sampling}",
      journal = {\mnras},
     keywords = {methods: data analysis, methods: statistical, Astrophysics - Instrumentation and Methods for Astrophysics},
         year = 2015,
        month = nov,
       volume = {453},
       number = {4},
        pages = {4384-4398},
          doi = {10.1093/mnras/stv1911},
archivePrefix = {arXiv},
       eprint = {1506.00171},
 primaryClass = {astro-ph.IM},
       adsurl = {https://ui.adsabs.harvard.edu/abs/2015MNRAS.453.4384H},
      adsnote = {Provided by the SAO/NASA Astrophysics Data System}
}


@ARTICLE{GLOBALEMU,
       author = {{Bevins}, H.~T.~J. and {Handley}, W.~J. and {Fialkov}, A. and {de Lera Acedo}, E. and {Javid}, K.},
        title = "{GLOBALEMU: a novel and robust approach for emulating the sky-averaged 21-cm signal from the cosmic dawn and epoch of reionization}",
      journal = {\mnras},
     keywords = {early Universe, reionization, first stars, dark ages, software: data analysis, software: simulations, Astrophysics - Cosmology and Nongalactic Astrophysics, Astrophysics - Instrumentation and Methods for Astrophysics},
         year = 2021,
        month = dec,
       volume = {508},
       number = {2},
        pages = {2923-2936},
          doi = {10.1093/mnras/stab2737},
archivePrefix = {arXiv},
       eprint = {2104.04336},
 primaryClass = {astro-ph.CO},
       adsurl = {https://ui.adsabs.harvard.edu/abs/2021MNRAS.508.2923B},
      adsnote = {Provided by the SAO/NASA Astrophysics Data System}
}





@ARTICLE{REACH,
       author = {{de Lera Acedo}, E. and {de Villiers}, D.~I.~L. and {Razavi-Ghods}, N. and {Handley}, W. and {Fialkov}, A. and {Magro}, A. and {Anstey}, D. and {Bevins}, H.~T.~J. and {Chiello}, R. and {Cumner}, J. and {Josaitis}, A.~T. and {Roque}, I.~L.~V. and {Sims}, P.~H. and {Scheutwinkel}, K.~H. and {Alexander}, P. and {Bernardi}, G. and {Carey}, S. and {Cavillot}, J. and {Croukamp}, W. and {Ely}, J.~A. and {Gessey-Jones}, T. and {Gueuning}, Q. and {Hills}, R. and {Kulkarni}, G. and {Maiolino}, R. and {Meerburg}, P.~D. and {Mittal}, S. and {Pritchard}, J.~R. and {Puchwein}, E. and {Saxena}, A. and {Shen}, E. and {Smirnov}, O. and {Spinelli}, M. and {Zarb-Adami}, K.},
        title = "{The REACH radiometer for detecting the 21-cm hydrogen signal from redshift z {\ensuremath{\approx}} 7.5-28}",
      journal = {Nature Astronomy},
         year = 2022,
        month = jul,
       volume = {6},
        pages = {984-998},
          doi = {10.1038/s41550-022-01709-9},
       adsurl = {https://ui.adsabs.harvard.edu/abs/2022NatAs...6..984D},
      adsnote = {Provided by the SAO/NASA Astrophysics Data System}
}





@misc{tensorflow,
title={ {TensorFlow}: Large-Scale Machine Learning on Heterogeneous Systems},
url={https://www.tensorflow.org/},
note={Software available from tensorflow.org},
author={
    Mart\'{i}n~Abadi and
    Ashish~Agarwal and
    Paul~Barham and
    Eugene~Brevdo and
    Zhifeng~Chen and
    Craig~Citro and
    Greg~S.~Corrado and
    Andy~Davis and
    Jeffrey~Dean and
    Matthieu~Devin and
    Sanjay~Ghemawat and
    Ian~Goodfellow and
    Andrew~Harp and
    Geoffrey~Irving and
    Michael~Isard and
    Yangqing Jia and
    Rafal~Jozefowicz and
    Lukasz~Kaiser and
    Manjunath~Kudlur and
    Josh~Levenberg and
    Dandelion~Man\'{e} and
    Rajat~Monga and
    Sherry~Moore and
    Derek~Murray and
    Chris~Olah and
    Mike~Schuster and
    Jonathon~Shlens and
    Benoit~Steiner and
    Ilya~Sutskever and
    Kunal~Talwar and
    Paul~Tucker and
    Vincent~Vanhoucke and
    Vijay~Vasudevan and
    Fernanda~Vi\'{e}gas and
    Oriol~Vinyals and
    Pete~Warden and
    Martin~Wattenberg and
    Martin~Wicke and
    Yuan~Yu and
    Xiaoqiang~Zheng},
  year={2015},
}




@ARTICLE{Euclid_2020,
       author = {{Euclid Collaboration} and {Blanchard}, A. and {Camera}, S. and {Carbone}, C. and {Cardone}, V.~F. and {Casas}, S. and {Clesse}, S. and {Ili{\'c}}, S. and {Kilbinger}, M. and {Kitching}, T. and {Kunz}, M. and {Lacasa}, F. and {Linder}, E. and {Majerotto}, E. and {Markovi{\v{c}}}, K. and {Martinelli}, M. and {Pettorino}, V. and {Pourtsidou}, A. and {Sakr}, Z. and {S{\'a}nchez}, A.~G. and {Sapone}, D. and {Tutusaus}, I. and {Yahia-Cherif}, S. and {Yankelevich}, V. and {Andreon}, S. and {Aussel}, H. and {Balaguera-Antol{\'\i}nez}, A. and {Baldi}, M. and {Bardelli}, S. and {Bender}, R. and {Biviano}, A. and {Bonino}, D. and {Boucaud}, A. and {Bozzo}, E. and {Branchini}, E. and {Brau-Nogue}, S. and {Brescia}, M. and {Brinchmann}, J. and {Burigana}, C. and {Cabanac}, R. and {Capobianco}, V. and {Cappi}, A. and {Carretero}, J. and {Carvalho}, C.~S. and {Casas}, R. and {Castander}, F.~J. and {Castellano}, M. and {Cavuoti}, S. and {Cimatti}, A. and {Cledassou}, R. and {Colodro-Conde}, C. and {Congedo}, G. and {Conselice}, C.~J. and {Conversi}, L. and {Copin}, Y. and {Corcione}, L. and {Coupon}, J. and {Courtois}, H.~M. and {Cropper}, M. and {Da Silva}, A. and {de la Torre}, S. and {Di Ferdinando}, D. and {Dubath}, F. and {Ducret}, F. and {Duncan}, C.~A.~J. and {Dupac}, X. and {Dusini}, S. and {Fabbian}, G. and {Fabricius}, M. and {Farrens}, S. and {Fosalba}, P. and {Fotopoulou}, S. and {Fourmanoit}, N. and {Frailis}, M. and {Franceschi}, E. and {Franzetti}, P. and {Fumana}, M. and {Galeotta}, S. and {Gillard}, W. and {Gillis}, B. and {Giocoli}, C. and {G{\'o}mez-Alvarez}, P. and {Graci{\'a}-Carpio}, J. and {Grupp}, F. and {Guzzo}, L. and {Hoekstra}, H. and {Hormuth}, F. and {Israel}, H. and {Jahnke}, K. and {Keihanen}, E. and {Kermiche}, S. and {Kirkpatrick}, C.~C. and {Kohley}, R. and {Kubik}, B. and {Kurki-Suonio}, H. and {Ligori}, S. and {Lilje}, P.~B. and {Lloro}, I. and {Maino}, D. and {Maiorano}, E. and {Marggraf}, O. and {Martinet}, N. and {Marulli}, F. and {Massey}, R. and {Medinaceli}, E. and {Mei}, S. and {Mellier}, Y. and {Metcalf}, B. and {Metge}, J.~J. and {Meylan}, G. and {Moresco}, M. and {Moscardini}, L. and {Munari}, E. and {Nichol}, R.~C. and {Niemi}, S. and {Nucita}, A.~A. and {Padilla}, C. and {Paltani}, S. and {Pasian}, F. and {Percival}, W.~J. and {Pires}, S. and {Polenta}, G. and {Poncet}, M. and {Pozzetti}, L. and {Racca}, G.~D. and {Raison}, F. and {Renzi}, A. and {Rhodes}, J. and {Romelli}, E. and {Roncarelli}, M. and {Rossetti}, E. and {Saglia}, R. and {Schneider}, P. and {Scottez}, V. and {Secroun}, A. and {Sirri}, G. and {Stanco}, L. and {Starck}, J. -L. and {Sureau}, F. and {Tallada-Cresp{\'\i}}, P. and {Tavagnacco}, D. and {Taylor}, A.~N. and {Tenti}, M. and {Tereno}, I. and {Toledo-Moreo}, R. and {Torradeflot}, F. and {Valenziano}, L. and {Vassallo}, T. and {Verdoes Kleijn}, G.~A. and {Viel}, M. and {Wang}, Y. and {Zacchei}, A. and {Zoubian}, J. and {Zucca}, E.},
        title = "{Euclid preparation. VII. Forecast validation for Euclid cosmological probes}",
      journal = {\aap},
     keywords = {cosmology: observations, cosmological parameters, cosmology: theory, Astrophysics - Cosmology and Nongalactic Astrophysics},
         year = 2020,
        month = oct,
       volume = {642},
          eid = {A191},
        pages = {A191},
          doi = {10.1051/0004-6361/202038071},
archivePrefix = {arXiv},
       eprint = {1910.09273},
 primaryClass = {astro-ph.CO},
       adsurl = {https://ui.adsabs.harvard.edu/abs/2020A&A...642A.191E},
      adsnote = {Provided by the SAO/NASA Astrophysics Data System}
}




@ARTICLE{Orlando_2023,
       author = {{Orlando}, Giorgio and {Fl{\"o}ss}, Thomas and {Meerburg}, P. Daniel and {Silk}, Joseph},
        title = "{Local non-Gaussianities from cross-correlations between the CMB and 21-cm}",
      journal = {arXiv e-prints},
     keywords = {Astrophysics - Cosmology and Nongalactic Astrophysics},
         year = 2023,
        month = jul,
          eid = {arXiv:2307.15046},
        pages = {arXiv:2307.15046},
archivePrefix = {arXiv},
       eprint = {2307.15046},
 primaryClass = {astro-ph.CO},
       adsurl = {https://ui.adsabs.harvard.edu/abs/2023arXiv230715046O},
      adsnote = {Provided by the SAO/NASA Astrophysics Data System}
}




@ARTICLE{More_2013,
       author = {{More}, Surhud and {van den Bosch}, Frank C. and {Cacciato}, Marcello and {More}, Anupreeta and {Mo}, Houjun and {Yang}, Xiaohu},
        title = "{Cosmological constraints from a combination of galaxy clustering and lensing - II. Fisher matrix analysis}",
      journal = {\mnras},
     keywords = {methods: statistical, galaxies: haloes, galaxies: structure, cosmological parameters, dark energy, dark matter, Astrophysics - Cosmology and Nongalactic Astrophysics},
         year = 2013,
        month = apr,
       volume = {430},
       number = {2},
        pages = {747-766},
          doi = {10.1093/mnras/sts697},
archivePrefix = {arXiv},
       eprint = {1207.0004},
 primaryClass = {astro-ph.CO},
       adsurl = {https://ui.adsabs.harvard.edu/abs/2013MNRAS.430..747M},
      adsnote = {Provided by the SAO/NASA Astrophysics Data System}
}




@ARTICLE{Garg_2023,
       author = {{Garg}, Mudit and {Tiwari}, Shubhanshu and {Derdzinski}, Andrea and {Baker}, John and {Marsat}, Sylvain and {Mayer}, Lucio},
        title = "{The minimum measurable eccentricity from gravitational waves of LISA massive black hole binaries}",
      journal = {arXiv e-prints},
     keywords = {Astrophysics - Astrophysics of Galaxies, Astrophysics - Cosmology and Nongalactic Astrophysics, Astrophysics - High Energy Astrophysical Phenomena, General Relativity and Quantum Cosmology},
         year = 2023,
        month = jul,
          eid = {arXiv:2307.13367},
        pages = {arXiv:2307.13367},
          doi = {10.48550/arXiv.2307.13367},
archivePrefix = {arXiv},
       eprint = {2307.13367},
 primaryClass = {astro-ph.GA},
       adsurl = {https://ui.adsabs.harvard.edu/abs/2023arXiv230713367G},
      adsnote = {Provided by the SAO/NASA Astrophysics Data System}
}



@ARTICLE{CosmicExplorer,
       author = {{Evans}, Matthew and {Corsi}, Alessandra and {Afle}, Chaitanya and {Ananyeva}, Alena and {Arun}, K.~G. and {Ballmer}, Stefan and {Bandopadhyay}, Ananya and {Barsotti}, Lisa and {Baryakhtar}, Masha and {Berger}, Edo and {Berti}, Emanuele and {Biscoveanu}, Sylvia and {Borhanian}, Ssohrab and {Broekgaarden}, Floor and {Brown}, Duncan A. and {Cahillane}, Craig and {Campbell}, Lorna and {Chen}, Hsin-Yu and {Daniel}, Kathryne J. and {Dhani}, Arnab and {Driggers}, Jennifer C. and {Effler}, Anamaria and {Eisenstein}, Robert and {Fairhurst}, Stephen and {Feicht}, Jon and {Fritschel}, Peter and {Fulda}, Paul and {Gupta}, Ish and {Hall}, Evan D. and {Hammond}, Giles and {Hannuksela}, Otto A. and {Hansen}, Hannah and {Haster}, Carl-Johan and {Kacanja}, Keisi and {Kamai}, Brittany and {Kashyap}, Rahul and {Shapiro Key}, Joey and {Khadkikar}, Sanika and {Kontos}, Antonios and {Kuns}, Kevin and {Landry}, Michael and {Landry}, Philippe and {Lantz}, Brian and {Li}, Tjonnie G.~F. and {Lovelace}, Geoffrey and {Mandic}, Vuk and {Mansell}, Georgia L. and {Martynov}, Denys and {McCuller}, Lee and {Miller}, Andrew L. and {Nitz}, Alexander Harvey and {Owen}, Benjamin J. and {Palomba}, Cristiano and {Read}, Jocelyn and {Phurailatpam}, Hemantakumar and {Reddy}, Sanjay and {Richardson}, Jonathan and {Rollins}, Jameson and {Romano}, Joseph D. and {Sathyaprakash}, Bangalore S. and {Schofield}, Robert and {Shoemaker}, David H. and {Sigg}, Daniel and {Singh}, Divya and {Slagmolen}, Bram and {Sledge}, Piper and {Smith}, Joshua and {Soares-Santos}, Marcelle and {Strunk}, Amber and {Sun}, Ling and {Tanner}, David and {van Son}, Lieke A.~C. and {Vitale}, Salvatore and {Willke}, Benno and {Yamamoto}, Hiro and {Zucker}, Michael},
        title = "{Cosmic Explorer: A Submission to the NSF MPSAC ngGW Subcommittee}",
      journal = {arXiv e-prints},
     keywords = {Astrophysics - Instrumentation and Methods for Astrophysics, Astrophysics - Cosmology and Nongalactic Astrophysics, Astrophysics - High Energy Astrophysical Phenomena},
         year = 2023,
        month = jun,
          eid = {arXiv:2306.13745},
        pages = {arXiv:2306.13745},
          doi = {10.48550/arXiv.2306.13745},
archivePrefix = {arXiv},
       eprint = {2306.13745},
 primaryClass = {astro-ph.IM},
       adsurl = {https://ui.adsabs.harvard.edu/abs/2023arXiv230613745E},
      adsnote = {Provided by the SAO/NASA Astrophysics Data System}
}




@ARTICLE{NS_Primer,
       author = {{Ashton}, Greg and {Bernstein}, Noam and {Buchner}, Johannes and {Chen}, Xi and {Cs{\'a}nyi}, G{\'a}bor and {Fowlie}, Andrew and {Feroz}, Farhan and {Griffiths}, Matthew and {Handley}, Will and {Habeck}, Michael and {Higson}, Edward and {Hobson}, Michael and {Lasenby}, Anthony and {Parkinson}, David and {P{\'a}rtay}, Livia B. and {Pitkin}, Matthew and {Schneider}, Doris and {Speagle}, Joshua S. and {South}, Leah and {Veitch}, John and {Wacker}, Philipp and {Wales}, David J. and {Yallup}, David},
        title = "{Nested sampling for physical scientists}",
      journal = {Nature Reviews Methods Primers},
     keywords = {Statistics - Computation, Astrophysics - Cosmology and Nongalactic Astrophysics, Astrophysics - Instrumentation and Methods for Astrophysics, Condensed Matter - Materials Science, High Energy Physics - Phenomenology},
         year = 2022,
        month = may,
       volume = {2},
          eid = {39},
        pages = {39},
          doi = {10.1038/s43586-022-00121-x},
archivePrefix = {arXiv},
       eprint = {2205.15570},
 primaryClass = {stat.CO},
       adsurl = {https://ui.adsabs.harvard.edu/abs/2022NRvMP...2...39A},
      adsnote = {Provided by the SAO/NASA Astrophysics Data System}
}

@INPROCEEDINGS{Skilling_2004,
       author = {{Skilling}, John},
        title = "{Nested Sampling}",
     keywords = {02.50.Tt, Inference methods},
    booktitle = {Bayesian Inference and Maximum Entropy Methods in Science and Engineering: 24th International Workshop on Bayesian Inference and Maximum Entropy Methods in Science and Engineering},
         year = 2004,
       editor = {{Fischer}, Rainer and {Preuss}, Roland and {Toussaint}, Udo Von},
       series = {American Institute of Physics Conference Series},
       volume = {735},
        month = nov,
        pages = {395-405},
          doi = {10.1063/1.1835238},
       adsurl = {https://ui.adsabs.harvard.edu/abs/2004AIPC..735..395S},
      adsnote = {Provided by the SAO/NASA Astrophysics Data System}
}




@ARTICLE{Fialkov_2014,
       author = {{Fialkov}, Anastasia and {Barkana}, Rennan and {Pinhas}, Arazi and {Visbal}, Eli},
        title = "{Complete history of the observable 21 cm signal from the first stars during the pre-reionization era}",
      journal = {\mnras},
     keywords = {galaxies: formation, galaxies: high redshift, intergalactic medium, cosmology: theory, Astrophysics - Cosmology and Nongalactic Astrophysics},
         year = 2014,
        month = jan,
       volume = {437},
       number = {1},
        pages = {L36-L40},
          doi = {10.1093/mnrasl/slt135},
archivePrefix = {arXiv},
       eprint = {1306.2354},
 primaryClass = {astro-ph.CO},
       adsurl = {https://ui.adsabs.harvard.edu/abs/2014MNRAS.437L..36F},
      adsnote = {Provided by the SAO/NASA Astrophysics Data System}
}




@ARTICLE{Visbal_2012,
       author = {{Visbal}, Eli and {Barkana}, Rennan and {Fialkov}, Anastasia and {Tseliakhovich}, Dmitriy and {Hirata}, Christopher M.},
        title = "{The signature of the first stars in atomic hydrogen at redshift 20}",
      journal = {\nat},
     keywords = {Astrophysics - Cosmology and Nongalactic Astrophysics},
         year = 2012,
        month = jul,
       volume = {487},
       number = {7405},
        pages = {70-73},
          doi = {10.1038/nature11177},
archivePrefix = {arXiv},
       eprint = {1201.1005},
 primaryClass = {astro-ph.CO},
       adsurl = {https://ui.adsabs.harvard.edu/abs/2012Natur.487...70V},
      adsnote = {Provided by the SAO/NASA Astrophysics Data System}
}


@ARTICLE{Reis_2020,
       author = {{Reis}, Itamar and {Fialkov}, Anastasia and {Barkana}, Rennan},
        title = "{High-redshift radio galaxies: a potential new source of 21-cm fluctuations}",
      journal = {\mnras},
     keywords = {cosmology: theory, (cosmology:) dark ages, reionization, first stars, (cosmology:) early Universe, Astrophysics - Cosmology and Nongalactic Astrophysics},
         year = 2020,
        month = oct,
       volume = {499},
       number = {4},
        pages = {5993-6008},
          doi = {10.1093/mnras/staa3091},
archivePrefix = {arXiv},
       eprint = {2008.04315},
 primaryClass = {astro-ph.CO},
       adsurl = {https://ui.adsabs.harvard.edu/abs/2020MNRAS.499.5993R},
      adsnote = {Provided by the SAO/NASA Astrophysics Data System}
}





@ARTICLE{EDGES,
       author = {{Bowman}, Judd D. and {Rogers}, Alan E.~E. and {Monsalve}, Raul A. and {Mozdzen}, Thomas J. and {Mahesh}, Nivedita},
        title = "{An absorption profile centred at 78 megahertz in the sky-averaged spectrum}",
      journal = {\nat},
     keywords = {Astrophysics - Cosmology and Nongalactic Astrophysics, Astrophysics - Instrumentation and Methods for Astrophysics},
         year = 2018,
        month = mar,
       volume = {555},
       number = {7694},
        pages = {67-70},
          doi = {10.1038/nature25792},
archivePrefix = {arXiv},
       eprint = {1810.05912},
 primaryClass = {astro-ph.CO},
       adsurl = {https://ui.adsabs.harvard.edu/abs/2018Natur.555...67B},
      adsnote = {Provided by the SAO/NASA Astrophysics Data System}
}



@ARTICLE{SARAS3,
        author = {{Singh}, Saurabh and {Jishnu}, Nambissan T. and {Subrahmanyan}, Ravi and {Udaya Shankar}, N. and {Girish}, B.~S. and {Raghunathan}, A. and {Somashekar}, R. and {Srivani}, K.~S. and {Sathyanarayana Rao}, Mayuri},
        title = "{On the detection of a cosmic dawn signal in the radio background}",
      journal = {Nature Astronomy},
     keywords = {Astrophysics - Cosmology and Nongalactic Astrophysics, Astrophysics - Instrumentation and Methods for Astrophysics},
         year = 2022,
        month = feb,
       volume = {6},
        pages = {607-617},
          doi = {10.1038/s41550-022-01610-5},
archivePrefix = {arXiv},
       eprint = {2112.06778},
 primaryClass = {astro-ph.CO},
       adsurl = {https://ui.adsabs.harvard.edu/abs/2022NatAs...6..607S},
      adsnote = {Provided by the SAO/NASA Astrophysics Data System}
}




@ARTICLE{Hills_2018,
       author = {{Hills}, Richard and {Kulkarni}, Girish and {Meerburg}, P. Daniel and {Puchwein}, Ewald},
        title = "{Concerns about modelling of the EDGES data}",
      journal = {\nat},
     keywords = {Astrophysics - Cosmology and Nongalactic Astrophysics, Astrophysics - Instrumentation and Methods for Astrophysics, High Energy Physics - Phenomenology},
         year = 2018,
        month = dec,
       volume = {564},
       number = {7736},
        pages = {E32-E34},
          doi = {10.1038/s41586-018-0796-5},
archivePrefix = {arXiv},
       eprint = {1805.01421},
 primaryClass = {astro-ph.CO},
       adsurl = {https://ui.adsabs.harvard.edu/abs/2018Natur.564E..32H},
      adsnote = {Provided by the SAO/NASA Astrophysics Data System}
}






@ARTICLE{Sims_2020,
       author = {{Sims}, Peter H. and {Pober}, Jonathan C.},
        title = "{Testing for calibration systematics in the EDGES low-band data using Bayesian model selection}",
      journal = {\mnras},
     keywords = {radiation mechanisms: non-thermal, methods: data analysis, cosmology: observations, dark ages, reionization, first stars, radio continuum: general, radio lines: ISM, Astrophysics - Cosmology and Nongalactic Astrophysics, Astrophysics - Astrophysics of Galaxies, Astrophysics - Instrumentation and Methods for Astrophysics},
         year = 2020,
        month = feb,
       volume = {492},
       number = {1},
        pages = {22-38},
          doi = {10.1093/mnras/stz3388},
archivePrefix = {arXiv},
       eprint = {1910.03165},
 primaryClass = {astro-ph.CO},
       adsurl = {https://ui.adsabs.harvard.edu/abs/2020MNRAS.492...22S},
      adsnote = {Provided by the SAO/NASA Astrophysics Data System}
}



@ARTICLE{Barkana_2018,
       author = {{Barkana}, Rennan},
        title = "{Possible interaction between baryons and dark-matter particles revealed by the first stars}",
      journal = {\nat},
     keywords = {Astrophysics - Cosmology and Nongalactic Astrophysics},
         year = 2018,
        month = mar,
       volume = {555},
       number = {7694},
        pages = {71-74},
          doi = {10.1038/nature25791},
archivePrefix = {arXiv},
       eprint = {1803.06698},
 primaryClass = {astro-ph.CO},
       adsurl = {https://ui.adsabs.harvard.edu/abs/2018Natur.555...71B},
      adsnote = {Provided by the SAO/NASA Astrophysics Data System}
}



@ARTICLE{Furlanetto_2006,
       author = {{Furlanetto}, Steven R. and {Oh}, S. Peng and {Briggs}, Frank H.},
        title = "{Cosmology at low frequencies: The 21 cm transition and the high-redshift Universe}",
      journal = {\physrep},
     keywords = {Astrophysics},
         year = 2006,
        month = oct,
       volume = {433},
       number = {4-6},
        pages = {181-301},
          doi = {10.1016/j.physrep.2006.08.002},
archivePrefix = {arXiv},
       eprint = {astro-ph/0608032},
 primaryClass = {astro-ph},
       adsurl = {https://ui.adsabs.harvard.edu/abs/2006PhR...433..181F},
      adsnote = {Provided by the SAO/NASA Astrophysics Data System}
}



@ARTICLE{PRIZM,
       author = {{Philip}, L. and {Abdurashidova}, Z. and {Chiang}, H.~C. and
         {Ghazi}, N. and {Gumba}, A. and {Heilgendorff}, H.~M. and
         {J{\'a}uregui-Garc{\'\i}a}, J.~M. and {Malepe}, K. and
         {Nunhokee}, C.~D. and {Peterson}, J. and {Sievers}, J.~L. and
         {Simes}, V. and {Spann}, R.},
        title = "{Probing Radio Intensity at High-Z from Marion: 2017 Instrument}",
      journal = {Journal of Astronomical Instrumentation},
         year = 2019,
        month = jan,
       volume = {8},
       number = {2},
          eid = {1950004},
        pages = {1950004},
          doi = {10.1142/S2251171719500041}
}



@ARTICLE{Planck_VI,
       author = {{Planck Collaboration} and {Aghanim}, N. and {Akrami}, Y. and {Ashdown}, M. and {Aumont}, J. and {Baccigalupi}, C. and {Ballardini}, M. and {Banday}, A.~J. and {Barreiro}, R.~B. and {Bartolo}, N. and {Basak}, S. and {Battye}, R. and {Benabed}, K. and {Bernard}, J. -P. and {Bersanelli}, M. and {Bielewicz}, P. and {Bock}, J.~J. and {Bond}, J.~R. and {Borrill}, J. and {Bouchet}, F.~R. and {Boulanger}, F. and {Bucher}, M. and {Burigana}, C. and {Butler}, R.~C. and {Calabrese}, E. and {Cardoso}, J. -F. and {Carron}, J. and {Challinor}, A. and {Chiang}, H.~C. and {Chluba}, J. and {Colombo}, L.~P.~L. and {Combet}, C. and {Contreras}, D. and {Crill}, B.~P. and {Cuttaia}, F. and {de Bernardis}, P. and {de Zotti}, G. and {Delabrouille}, J. and {Delouis}, J. -M. and {Di Valentino}, E. and {Diego}, J.~M. and {Dor{\'e}}, O. and {Douspis}, M. and {Ducout}, A. and {Dupac}, X. and {Dusini}, S. and {Efstathiou}, G. and {Elsner}, F. and {En{\ss}lin}, T.~A. and {Eriksen}, H.~K. and {Fantaye}, Y. and {Farhang}, M. and {Fergusson}, J. and {Fernandez-Cobos}, R. and {Finelli}, F. and {Forastieri}, F. and {Frailis}, M. and {Fraisse}, A.~A. and {Franceschi}, E. and {Frolov}, A. and {Galeotta}, S. and {Galli}, S. and {Ganga}, K. and {G{\'e}nova-Santos}, R.~T. and {Gerbino}, M. and {Ghosh}, T. and {Gonz{\'a}lez-Nuevo}, J. and {G{\'o}rski}, K.~M. and {Gratton}, S. and {Gruppuso}, A. and {Gudmundsson}, J.~E. and {Hamann}, J. and {Handley}, W. and {Hansen}, F.~K. and {Herranz}, D. and {Hildebrandt}, S.~R. and {Hivon}, E. and {Huang}, Z. and {Jaffe}, A.~H. and {Jones}, W.~C. and {Karakci}, A. and {Keih{\"a}nen}, E. and {Keskitalo}, R. and {Kiiveri}, K. and {Kim}, J. and {Kisner}, T.~S. and {Knox}, L. and {Krachmalnicoff}, N. and {Kunz}, M. and {Kurki-Suonio}, H. and {Lagache}, G. and {Lamarre}, J. -M. and {Lasenby}, A. and {Lattanzi}, M. and {Lawrence}, C.~R. and {Le Jeune}, M. and {Lemos}, P. and {Lesgourgues}, J. and {Levrier}, F. and {Lewis}, A. and {Liguori}, M. and {Lilje}, P.~B. and {Lilley}, M. and {Lindholm}, V. and {L{\'o}pez-Caniego}, M. and {Lubin}, P.~M. and {Ma}, Y. -Z. and {Mac{\'\i}as-P{\'e}rez}, J.~F. and {Maggio}, G. and {Maino}, D. and {Mandolesi}, N. and {Mangilli}, A. and {Marcos-Caballero}, A. and {Maris}, M. and {Martin}, P.~G. and {Martinelli}, M. and {Mart{\'\i}nez-Gonz{\'a}lez}, E. and {Matarrese}, S. and {Mauri}, N. and {McEwen}, J.~D. and {Meinhold}, P.~R. and {Melchiorri}, A. and {Mennella}, A. and {Migliaccio}, M. and {Millea}, M. and {Mitra}, S. and {Miville-Desch{\^e}nes}, M. -A. and {Molinari}, D. and {Montier}, L. and {Morgante}, G. and {Moss}, A. and {Natoli}, P. and {N{\o}rgaard-Nielsen}, H.~U. and {Pagano}, L. and {Paoletti}, D. and {Partridge}, B. and {Patanchon}, G. and {Peiris}, H.~V. and {Perrotta}, F. and {Pettorino}, V. and {Piacentini}, F. and {Polastri}, L. and {Polenta}, G. and {Puget}, J. -L. and {Rachen}, J.~P. and {Reinecke}, M. and {Remazeilles}, M. and {Renzi}, A. and {Rocha}, G. and {Rosset}, C. and {Roudier}, G. and {Rubi{\~n}o-Mart{\'\i}n}, J.~A. and {Ruiz-Granados}, B. and {Salvati}, L. and {Sandri}, M. and {Savelainen}, M. and {Scott}, D. and {Shellard}, E.~P.~S. and {Sirignano}, C. and {Sirri}, G. and {Spencer}, L.~D. and {Sunyaev}, R. and {Suur-Uski}, A. -S. and {Tauber}, J.~A. and {Tavagnacco}, D. and {Tenti}, M. and {Toffolatti}, L. and {Tomasi}, M. and {Trombetti}, T. and {Valenziano}, L. and {Valiviita}, J. and {Van Tent}, B. and {Vibert}, L. and {Vielva}, P. and {Villa}, F. and {Vittorio}, N. and {Wandelt}, B.~D. and {Wehus}, I.~K. and {White}, M. and {White}, S.~D.~M. and {Zacchei}, A. and {Zonca}, A.},
        title = "{Planck 2018 results. VI. Cosmological parameters}",
      journal = {\aap},
     keywords = {cosmic background radiation, cosmological parameters, Astrophysics - Cosmology and Nongalactic Astrophysics},
         year = 2020,
        month = sep,
       volume = {641},
          eid = {A6},
        pages = {A6},
          doi = {10.1051/0004-6361/201833910},
archivePrefix = {arXiv},
       eprint = {1807.06209},
 primaryClass = {astro-ph.CO},
       adsurl = {https://ui.adsabs.harvard.edu/abs/2020A&A...641A...6P},
      adsnote = {Provided by the SAO/NASA Astrophysics Data System}
}




@book{Mackay_2003,
  title={Information Theory, Inference and Learning Algorithms},
  author={MacKay, D.J.C.},
  isbn={9780521642989},
  lccn={2003055133},
  url={http://www.inference.org.uk/mackay/itila/book.html},
  year={2003},
  publisher={Cambridge University Press}
}    



@ARTICLE{MOND,
       author = {{Milgrom}, M.},
        title = "{A modification of the Newtonian dynamics as a possible alternative to the hidden mass hypothesis.}",
      journal = {\apj},
     keywords = {Cosmology, Galactic Structure, Nonrelativistic Mechanics, Stellar Motions, Particle Acceleration, Solar System, Astrophysics},
         year = 1983,
        month = jul,
       volume = {270},
        pages = {365-370},
          doi = {10.1086/161130},
       adsurl = {https://ui.adsabs.harvard.edu/abs/1983ApJ...270..365M},
      adsnote = {Provided by the SAO/NASA Astrophysics Data System}
}




@BOOK{GR,
       author = {{Wald}, Robert M.},
        title = "{General Relativity}",
         year = 1984,
    publisher = "University of Chicago Press",
       adsurl = {https://ui.adsabs.harvard.edu/abs/1984ucp..book.....W},
      adsnote = {Provided by the SAO/NASA Astrophysics Data System}
}




@ARTICLE{Simons,
       author = {{Ade}, Peter and {Aguirre}, James and {Ahmed}, Zeeshan and {Aiola}, Simone and {Ali}, Aamir and {Alonso}, David and {Alvarez}, Marcelo A. and {Arnold}, Kam and {Ashton}, Peter and {Austermann}, Jason and {Awan}, Humna and {Baccigalupi}, Carlo and {Baildon}, Taylor and {Barron}, Darcy and {Battaglia}, Nick and {Battye}, Richard and {Baxter}, Eric and {Bazarko}, Andrew and {Beall}, James A. and {Bean}, Rachel and {Beck}, Dominic and {Beckman}, Shawn and {Beringue}, Benjamin and {Bianchini}, Federico and {Boada}, Steven and {Boettger}, David and {Bond}, J. Richard and {Borrill}, Julian and {Brown}, Michael L. and {Bruno}, Sarah Marie and {Bryan}, Sean and {Calabrese}, Erminia and {Calafut}, Victoria and {Calisse}, Paolo and {Carron}, Julien and {Challinor}, Anthony and {Chesmore}, Grace and {Chinone}, Yuji and {Chluba}, Jens and {Cho}, Hsiao-Mei Sherry and {Choi}, Steve and {Coppi}, Gabriele and {Cothard}, Nicholas F. and {Coughlin}, Kevin and {Crichton}, Devin and {Crowley}, Kevin D. and {Crowley}, Kevin T. and {Cukierman}, Ari and {D'Ewart}, John M. and {D{\"u}nner}, Rolando and {de Haan}, Tijmen and {Devlin}, Mark and {Dicker}, Simon and {Didier}, Joy and {Dobbs}, Matt and {Dober}, Bradley and {Duell}, Cody J. and {Duff}, Shannon and {Duivenvoorden}, Adri and {Dunkley}, Jo and {Dusatko}, John and {Errard}, Josquin and {Fabbian}, Giulio and {Feeney}, Stephen and {Ferraro}, Simone and {Flux{\`a}}, Pedro and {Freese}, Katherine and {Frisch}, Josef C. and {Frolov}, Andrei and {Fuller}, George and {Fuzia}, Brittany and {Galitzki}, Nicholas and {Gallardo}, Patricio A. and {Tomas Galvez Ghersi}, Jose and {Gao}, Jiansong and {Gawiser}, Eric and {Gerbino}, Martina and {Gluscevic}, Vera and {Goeckner-Wald}, Neil and {Golec}, Joseph and {Gordon}, Sam and {Gralla}, Megan and {Green}, Daniel and {Grigorian}, Arpi and {Groh}, John and {Groppi}, Chris and {Guan}, Yilun and {Gudmundsson}, Jon E. and {Han}, Dongwon and {Hargrave}, Peter and {Hasegawa}, Masaya and {Hasselfield}, Matthew and {Hattori}, Makoto and {Haynes}, Victor and {Hazumi}, Masashi and {He}, Yizhou and {Healy}, Erin and {Henderson}, Shawn W. and {Hervias-Caimapo}, Carlos and {Hill}, Charles A. and {Hill}, J. Colin and {Hilton}, Gene and {Hilton}, Matt and {Hincks}, Adam D. and {Hinshaw}, Gary and {Hlo{\v{z}}ek}, Ren{\'e}e and {Ho}, Shirley and {Ho}, Shuay-Pwu Patty and {Howe}, Logan and {Huang}, Zhiqi and {Hubmayr}, Johannes and {Huffenberger}, Kevin and {Hughes}, John P. and {Ijjas}, Anna and {Ikape}, Margaret and {Irwin}, Kent and {Jaffe}, Andrew H. and {Jain}, Bhuvnesh and {Jeong}, Oliver and {Kaneko}, Daisuke and {Karpel}, Ethan D. and {Katayama}, Nobuhiko and {Keating}, Brian and {Kernasovskiy}, Sarah S. and {Keskitalo}, Reijo and {Kisner}, Theodore and {Kiuchi}, Kenji and {Klein}, Jeff and {Knowles}, Kenda and {Koopman}, Brian and {Kosowsky}, Arthur and {Krachmalnicoff}, Nicoletta and {Kuenstner}, Stephen E. and {Kuo}, Chao-Lin and {Kusaka}, Akito and {Lashner}, Jacob and {Lee}, Adrian and {Lee}, Eunseong and {Leon}, David and {Leung}, Jason S. -Y. and {Lewis}, Antony and {Li}, Yaqiong and {Li}, Zack and {Limon}, Michele and {Linder}, Eric and {Lopez-Caraballo}, Carlos and {Louis}, Thibaut and {Lowry}, Lindsay and {Lungu}, Marius and {Madhavacheril}, Mathew and {Mak}, Daisy and {Maldonado}, Felipe and {Mani}, Hamdi and {Mates}, Ben and {Matsuda}, Frederick and {Maurin}, Lo{\"\i}c and {Mauskopf}, Phil and {May}, Andrew and {McCallum}, Nialh and {McKenney}, Chris and {McMahon}, Jeff and {Meerburg}, P. Daniel and {Meyers}, Joel and {Miller}, Amber and {Mirmelstein}, Mark and {Moodley}, Kavilan and {Munchmeyer}, Moritz and {Munson}, Charles and {Naess}, Sigurd and {Nati}, Federico and {Navaroli}, Martin and {Newburgh}, Laura and {Nguyen}, Ho Nam and {Niemack}, Michael and {Nishino}, Haruki and {Orlowski-Scherer}, John and {Page}, Lyman and {Partridge}, Bruce and {Peloton}, Julien and {Perrotta}, Francesca and {Piccirillo}, Lucio and {Pisano}, Giampaolo and {Poletti}, Davide and {Puddu}, Roberto and {Puglisi}, Giuseppe and {Raum}, Chris and {Reichardt}, Christian L. and {Remazeilles}, Mathieu and {Rephaeli}, Yoel and {Riechers}, Dominik and {Rojas}, Felipe and {Roy}, Anirban and {Sadeh}, Sharon and {Sakurai}, Yuki and {Salatino}, Maria and {Sathyanarayana Rao}, Mayuri and {Schaan}, Emmanuel and {Schmittfull}, Marcel and {Sehgal}, Neelima and {Seibert}, Joseph and {Seljak}, Uros and {Sherwin}, Blake and {Shimon}, Meir and {Sierra}, Carlos and {Sievers}, Jonathan and {Sikhosana}, Precious and {Silva-Feaver}, Maximiliano and {Simon}, Sara M. and {Sinclair}, Adrian and {Siritanasak}, Praween and {Smith}, Kendrick and {Smith}, Stephen R. and {Spergel}, David and {Staggs}, Suzanne T. and {Stein}, George and {Stevens}, Jason R. and {Stompor}, Radek and {Suzuki}, Aritoki and {Tajima}, Osamu and {Takakura}, Satoru and {Teply}, Grant and {Thomas}, Daniel B. and {Thorne}, Ben and {Thornton}, Robert and {Trac}, Hy and {Tsai}, Calvin and {Tucker}, Carole and {Ullom}, Joel and {Vagnozzi}, Sunny and {van Engelen}, Alexander and {Van Lanen}, Jeff and {Van Winkle}, Daniel D. and {Vavagiakis}, Eve M. and {Verg{\`e}s}, Clara and {Vissers}, Michael and {Wagoner}, Kasey and {Walker}, Samantha and {Ward}, Jon and {Westbrook}, Ben and {Whitehorn}, Nathan and {Williams}, Jason and {Williams}, Joel and {Wollack}, Edward J. and {Xu}, Zhilei and {Yu}, Byeonghee and {Yu}, Cyndia and {Zago}, Fernando and {Zhang}, Hezi and {Zhu}, Ningfeng and {Simons Observatory Collaboration}},
        title = "{The Simons Observatory: science goals and forecasts}",
      journal = {\jcap},
     keywords = {Astrophysics - Cosmology and Nongalactic Astrophysics},
         year = 2019,
        month = feb,
       volume = {2019},
       number = {2},
          eid = {056},
        pages = {056},
          doi = {10.1088/1475-7516/2019/02/056},
archivePrefix = {arXiv},
       eprint = {1808.07445},
 primaryClass = {astro-ph.CO},
       adsurl = {https://ui.adsabs.harvard.edu/abs/2019JCAP...02..056A},
      adsnote = {Provided by the SAO/NASA Astrophysics Data System}
}




@ARTICLE{Ryan_2023,
       author = {{Ryan}, Joseph and {Stevenson}, Brandon and {Trendafilova}, Cynthia and {Meyers}, Joel},
        title = "{Beyond Fisher forecasting for cosmology}",
      journal = {\prd},
     keywords = {Astrophysics - Cosmology and Nongalactic Astrophysics, Astrophysics - Instrumentation and Methods for Astrophysics},
         year = 2023,
        month = may,
       volume = {107},
       number = {10},
          eid = {103506},
        pages = {103506},
          doi = {10.1103/PhysRevD.107.103506},
archivePrefix = {arXiv},
       eprint = {2211.06534},
 primaryClass = {astro-ph.CO},
       adsurl = {https://ui.adsabs.harvard.edu/abs/2023PhRvD.107j3506R},
      adsnote = {Provided by the SAO/NASA Astrophysics Data System}
}



@ARTICLE{Fisher_1922,
       author = {{Fisher}, R.~A.},
        title = "{On the Mathematical Foundations of Theoretical Statistics}",
      journal = {Philosophical Transactions of the Royal Society of London Series A},
         year = 1922,
        month = jan,
       volume = {222},
        pages = {309-368},
          doi = {10.1098/rsta.1922.0009},
       adsurl = {https://ui.adsabs.harvard.edu/abs/1922RSPTA.222..309F},
      adsnote = {Provided by the SAO/NASA Astrophysics Data System}
}




@ARTICLE{Wolz_2012,
       author = {{Wolz}, Laura and {Kilbinger}, Martin and {Weller}, Jochen and {Giannantonio}, Tommaso},
        title = "{On the validity of cosmological Fisher matrix forecasts}",
      journal = {\jcap},
     keywords = {Astrophysics - Cosmology and Nongalactic Astrophysics},
         year = 2012,
        month = sep,
       volume = {2012},
       number = {9},
          eid = {009},
        pages = {009},
          doi = {10.1088/1475-7516/2012/09/009},
archivePrefix = {arXiv},
       eprint = {1205.3984},
 primaryClass = {astro-ph.CO},
       adsurl = {https://ui.adsabs.harvard.edu/abs/2012JCAP...09..009W},
      adsnote = {Provided by the SAO/NASA Astrophysics Data System}
}



@ARTICLE{DETF,
       author = {{Albrecht}, Andreas and {Bernstein}, Gary and {Cahn}, Robert and {Freedman}, Wendy L. and {Hewitt}, Jacqueline and {Hu}, Wayne and {Huth}, John and {Kamionkowski}, Marc and {Kolb}, Edward W. and {Knox}, Lloyd and {Mather}, John C. and {Staggs}, Suzanne and {Suntzeff}, Nicholas B.},
        title = "{Report of the Dark Energy Task Force}",
      journal = {arXiv e-prints},
     keywords = {Astrophysics},
         year = 2006,
        month = sep,
          eid = {astro-ph/0609591},
        pages = {astro-ph/0609591},
          doi = {10.48550/arXiv.astro-ph/0609591},
archivePrefix = {arXiv},
       eprint = {astro-ph/0609591},
 primaryClass = {astro-ph},
       adsurl = {https://ui.adsabs.harvard.edu/abs/2006astro.ph..9591A},
      adsnote = {Provided by the SAO/NASA Astrophysics Data System}
}



@ARTICLE{Tegmark_1997,
       author = {{Tegmark}, Max and {Taylor}, Andy N. and {Heavens}, Alan F.},
        title = "{Karhunen-Lo{\`e}ve Eigenvalue Problems in Cosmology: How Should We Tackle Large Data Sets?}",
      journal = {\apj},
     keywords = {Cosmology: Cosmic Microwave Background, Cosmology: Theory, Cosmology: Large-Scale Structure of Universe, Methods: Data Analysis, Methods: Statistical, Astrophysics},
         year = 1997,
        month = may,
       volume = {480},
       number = {1},
        pages = {22-35},
          doi = {10.1086/303939},
archivePrefix = {arXiv},
       eprint = {astro-ph/9603021},
 primaryClass = {astro-ph},
       adsurl = {https://ui.adsabs.harvard.edu/abs/1997ApJ...480...22T},
      adsnote = {Provided by the SAO/NASA Astrophysics Data System}
}



@ARTICLE{Debono_2014,
       author = {{Debono}, Ivan},
        title = "{Bayesian model selection for dark energy using weak lensing forecasts}",
      journal = {\mnras},
     keywords = {gravitational lensing: weak, methods: statistical, cosmological parameters, dark energy, Astrophysics - Cosmology and Nongalactic Astrophysics},
         year = 2014,
        month = jan,
       volume = {437},
       number = {1},
        pages = {887-897},
          doi = {10.1093/mnras/stt1954},
archivePrefix = {arXiv},
       eprint = {1308.5636},
 primaryClass = {astro-ph.CO},
       adsurl = {https://ui.adsabs.harvard.edu/abs/2014MNRAS.437..887D},
      adsnote = {Provided by the SAO/NASA Astrophysics Data System}
}


@ARTICLE{Gould_2003,
       author = {{Gould}, Andrew},
        title = "{chi\^2 and Linear Fits}",
      journal = {arXiv e-prints},
     keywords = {Astrophysics},
         year = 2003,
        month = oct,
          eid = {astro-ph/0310577},
        pages = {astro-ph/0310577},
          doi = {10.48550/arXiv.astro-ph/0310577},
archivePrefix = {arXiv},
       eprint = {astro-ph/0310577},
 primaryClass = {astro-ph},
       adsurl = {https://ui.adsabs.harvard.edu/abs/2003astro.ph.10577G},
      adsnote = {Provided by the SAO/NASA Astrophysics Data System}
}




@ARTICLE{Mukherjee_2006,
       author = {{Mukherjee}, Pia and {Parkinson}, David and {Corasaniti}, Pier Stefano and {Liddle}, Andrew R. and {Kunz}, Martin},
        title = "{Model selection as a science driver for dark energy surveys}",
      journal = {\mnras},
     keywords = {methods: statistical: cosmological parameters: cosmology: theory, methods: statistical, cosmological parameters, cosmology: theory, Astrophysics},
         year = 2006,
        month = jul,
       volume = {369},
       number = {4},
        pages = {1725-1734},
          doi = {10.1111/j.1365-2966.2006.10427.x},
archivePrefix = {arXiv},
       eprint = {astro-ph/0512484},
 primaryClass = {astro-ph},
       adsurl = {https://ui.adsabs.harvard.edu/abs/2006MNRAS.369.1725M},
      adsnote = {Provided by the SAO/NASA Astrophysics Data System}
}



@ARTICLE{Trotta_2007,
       author = {{Trotta}, Roberto},
        title = "{Applications of Bayesian model selection to cosmological parameters}",
      journal = {\mnras},
     keywords = {methods: data analysis, methods: statistical, cosmic microwave background, cosmological parameters, Astrophysics},
         year = 2007,
        month = jun,
       volume = {378},
       number = {1},
        pages = {72-82},
          doi = {10.1111/j.1365-2966.2007.11738.x},
archivePrefix = {arXiv},
       eprint = {astro-ph/0504022},
 primaryClass = {astro-ph},
       adsurl = {https://ui.adsabs.harvard.edu/abs/2007MNRAS.378...72T},
      adsnote = {Provided by the SAO/NASA Astrophysics Data System}
}


@ARTICLE{Trotta_2007b,
       author = {{Trotta}, Roberto},
        title = "{Forecasting the Bayes factor of a future observation}",
      journal = {\mnras},
     keywords = {methods: statistical, cosmology: cosmic microwave background, cosmology: cosmological parameters, methods: data analysis, Astrophysics},
         year = 2007,
        month = jul,
       volume = {378},
       number = {3},
        pages = {819-824},
          doi = {10.1111/j.1365-2966.2007.11861.x},
archivePrefix = {arXiv},
       eprint = {astro-ph/0703063},
 primaryClass = {astro-ph},
       adsurl = {https://ui.adsabs.harvard.edu/abs/2007MNRAS.378..819T},
      adsnote = {Provided by the SAO/NASA Astrophysics Data System}
}






@ARTICLE{Anstey_2021,
       author = {{Anstey}, Dominic and {de Lera Acedo}, Eloy and {Handley}, Will},
        title = "{A general Bayesian framework for foreground modelling and chromaticity correction for global 21 cm experiments}",
      journal = {\mnras},
     keywords = {methods: data analysis, dark ages, reionization, first stars, early Universe, Astrophysics - Instrumentation and Methods for Astrophysics},
         year = 2021,
        month = sep,
       volume = {506},
       number = {2},
        pages = {2041-2058},
          doi = {10.1093/mnras/stab1765},
archivePrefix = {arXiv},
       eprint = {2010.09644},
 primaryClass = {astro-ph.IM},
       adsurl = {https://ui.adsabs.harvard.edu/abs/2021MNRAS.506.2041A},
      adsnote = {Provided by the SAO/NASA Astrophysics Data System}
}




@ARTICLE{Rieck_2023,
       author = {{Rieck}, Steven and {Criswell}, Alexander W. and {Korol}, Valeriya and {Keim}, Michael A. and {Mandic}, Vuk},
        title = "{LISA Detectability of a Stochastic Gravitational Wave Background from Unresolved White Dwarf Binaries in the LMC}",
      journal = {arXiv e-prints},
     keywords = {Astrophysics},
         year = 2023,
        month = aug,
          eid = {arXiv:2308.12437},
        pages = {arXiv:2308.12437},
archivePrefix = {arXiv},
       eprint = {astro-ph/2308.12437},
 primaryClass = {astro-ph}
}



@article{Dickey_1971,
author = {James M. Dickey},
title = {{The Weighted Likelihood Ratio, Linear Hypotheses on Normal Location Parameters}},
volume = {42},
journal = {The Annals of Mathematical Statistics},
number = {1},
publisher = {Institute of Mathematical Statistics},
pages = {204 -- 223},
year = {1971},
doi = {10.1214/aoms/1177693507},
URL = {https://doi.org/10.1214/aoms/1177693507}
}





@ARTICLE{Perotto_2006,
       author = {{Perotto}, Laurence and {Lesgourgues}, Julien and {Hannestad}, Steen and {Tu}, Huitzu and {Y Y Wong}, Yvonne},
        title = "{Probing cosmological parameters with the CMB: forecasts from Monte Carlo simulations}",
      journal = {\jcap},
     keywords = {Astrophysics, General Relativity and Quantum Cosmology, High Energy Physics - Phenomenology},
         year = 2006,
        month = oct,
       volume = {2006},
       number = {10},
          eid = {013},
        pages = {013},
          doi = {10.1088/1475-7516/2006/10/013},
archivePrefix = {arXiv},
       eprint = {astro-ph/0606227},
 primaryClass = {astro-ph},
       adsurl = {https://ui.adsabs.harvard.edu/abs/2006JCAP...10..013P},
      adsnote = {Provided by the SAO/NASA Astrophysics Data System}
}





@article{Verdinelli_1995,
author = { Isabella   Verdinelli  and  Larry   Wasserman },
title = {Computing Bayes Factors Using a Generalization of the Savage-Dickey Density Ratio},
journal = {Journal of the American Statistical Association},
volume = {90},
number = {430},
pages = {614-618},
year  = {1995},
publisher = {Taylor & Francis},
doi = {10.1080/01621459.1995.10476554},
URL = {https://www.tandfonline.com/doi/abs/10.1080/01621459.1995.10476554},
}




@ARTICLE{HERA_theory_22,
       author = {{Abdurashidova}, Zara and {Aguirre}, James E. and {Alexander}, Paul and {Ali}, Zaki S. and {Balfour}, Yanga and {Barkana}, Rennan and {Beardsley}, Adam P. and {Bernardi}, Gianni and {Billings}, Tashalee S. and {Bowman}, Judd D. and {Bradley}, Richard F. and {Bull}, Philip and {Burba}, Jacob and {Carey}, Steve and {Carilli}, Chris L. and {Cheng}, Carina and {DeBoer}, David R. and {Dexter}, Matt and {de Lera Acedo}, Eloy and {Dillon}, Joshua S. and {Ely}, John and {Ewall-Wice}, Aaron and {Fagnoni}, Nicolas and {Fialkov}, Anastasia and {Fritz}, Randall and {Furlanetto}, Steven R. and {Gale-Sides}, Kingsley and {Glendenning}, Brian and {Gorthi}, Deepthi and {Greig}, Bradley and {Grobbelaar}, Jasper and {Halday}, Ziyaad and {Hazelton}, Bryna J. and {Heimersheim}, Stefan and {Hewitt}, Jacqueline N. and {Hickish}, Jack and {Jacobs}, Daniel C. and {Julius}, Austin and {Kern}, Nicholas S. and {Kerrigan}, Joshua and {Kittiwisit}, Piyanat and {Kohn}, Saul A. and {Kolopanis}, Matthew and {Lanman}, Adam and {La Plante}, Paul and {Lekalake}, Telalo and {Lewis}, David and {Liu}, Adrian and {Ma}, Yin-Zhe and {MacMahon}, David and {Malan}, Lourence and {Malgas}, Cresshim and {Maree}, Matthys and {Martinot}, Zachary E. and {Matsetela}, Eunice and {Mesinger}, Andrei and {Mirocha}, Jordan and {Molewa}, Mathakane and {Morales}, Miguel F. and {Mosiane}, Tshegofalang and {Mu{\~n}oz}, Julian B. and {Murray}, Steven G. and {Neben}, Abraham R. and {Nikolic}, Bojan and {Nunhokee}, Chuneeta D. and {Parsons}, Aaron R. and {Patra}, Nipanjana and {Pieterse}, Samantha and {Pober}, Jonathan C. and {Qin}, Yuxiang and {Razavi-Ghods}, Nima and {Reis}, Itamar and {Ringuette}, Jon and {Robnett}, James and {Rosie}, Kathryn and {Santos}, Mario G. and {Sikder}, Sudipta and {Sims}, Peter and {Smith}, Craig and {Syce}, Angelo and {Thyagarajan}, Nithyanandan and {Williams}, Peter K.~G. and {Zheng}, Haoxuan},
        title = "{HERA Phase I Limits on the Cosmic 21 cm Signal: Constraints on Astrophysics and Cosmology during the Epoch of Reionization}",
      journal = {\apj},
     keywords = {1383, 813, 595, Astrophysics - Cosmology and Nongalactic Astrophysics, Astrophysics - Astrophysics of Galaxies, High Energy Physics - Theory},
         year = 2022,
        month = jan,
       volume = {924},
       number = {2},
          eid = {51},
        pages = {51},
          doi = {10.3847/1538-4357/ac2ffc},
archivePrefix = {arXiv},
       eprint = {2108.07282},
 primaryClass = {astro-ph.CO},
       adsurl = {https://ui.adsabs.harvard.edu/abs/2022ApJ...924...51A},
      adsnote = {Provided by the SAO/NASA Astrophysics Data System}
}


@ARTICLE{HERA_obs_23,
       author = {{HERA Collaboration} and {Abdurashidova}, Zara and {Adams}, Tyrone and {Aguirre}, James E. and {Alexander}, Paul and {Ali}, Zaki S. and {Baartman}, Rushelle and {Balfour}, Yanga and {Barkana}, Rennan and {Beardsley}, Adam P. and {Bernardi}, Gianni and {Billings}, Tashalee S. and {Bowman}, Judd D. and {Bradley}, Richard F. and {Breitman}, Daniela and {Bull}, Philip and {Burba}, Jacob and {Carey}, Steve and {Carilli}, Chris L. and {Cheng}, Carina and {Choudhuri}, Samir and {DeBoer}, David R. and {de Lera Acedo}, Eloy and {Dexter}, Matt and {Dillon}, Joshua S. and {Ely}, John and {Ewall-Wice}, Aaron and {Fagnoni}, Nicolas and {Fialkov}, Anastasia and {Fritz}, Randall and {Furlanetto}, Steven R. and {Gale-Sides}, Kingsley and {Garsden}, Hugh and {Glendenning}, Brian and {Gorce}, Ad{\'e}lie and {Gorthi}, Deepthi and {Greig}, Bradley and {Grobbelaar}, Jasper and {Halday}, Ziyaad and {Hazelton}, Bryna J. and {Heimersheim}, Stefan and {Hewitt}, Jacqueline N. and {Hickish}, Jack and {Jacobs}, Daniel C. and {Julius}, Austin and {Kern}, Nicholas S. and {Kerrigan}, Joshua and {Kittiwisit}, Piyanat and {Kohn}, Saul A. and {Kolopanis}, Matthew and {Lanman}, Adam and {La Plante}, Paul and {Lewis}, David and {Liu}, Adrian and {Loots}, Anita and {Ma}, Yin-Zhe and {MacMahon}, David H.~E. and {Malan}, Lourence and {Malgas}, Keith and {Malgas}, Cresshim and {Maree}, Matthys and {Marero}, Bradley and {Martinot}, Zachary E. and {McBride}, Lisa and {Mesinger}, Andrei and {Mirocha}, Jordan and {Molewa}, Mathakane and {Morales}, Miguel F. and {Mosiane}, Tshegofalang and {Mu{\~n}oz}, Julian B. and {Murray}, Steven G. and {Nagpal}, Vighnesh and {Neben}, Abraham R. and {Nikolic}, Bojan and {Nunhokee}, Chuneeta D. and {Nuwegeld}, Hans and {Parsons}, Aaron R. and {Pascua}, Robert and {Patra}, Nipanjana and {Pieterse}, Samantha and {Qin}, Yuxiang and {Razavi-Ghods}, Nima and {Robnett}, James and {Rosie}, Kathryn and {Santos}, Mario G. and {Sims}, Peter and {Singh}, Saurabh and {Smith}, Craig and {Swarts}, Hilton and {Tan}, Jianrong and {Thyagarajan}, Nithyanandan and {Wilensky}, Michael J. and {Williams}, Peter K.~G. and {van Wyngaarden}, Pieter and {Zheng}, Haoxuan},
        title = "{Improved Constraints on the 21 cm EoR Power Spectrum and the X-Ray Heating of the IGM with HERA Phase I Observations}",
      journal = {\apj},
     keywords = {Astronomy data analysis, Radio interferometers, Intergalactic medium, Reionization, Galaxy formation, Cosmology, 1858, 1345, 813, 1383, 595, 343},
         year = 2023,
        month = mar,
       volume = {945},
       number = {2},
          eid = {124},
        pages = {124},
          doi = {10.3847/1538-4357/acaf50},
       adsurl = {https://ui.adsabs.harvard.edu/abs/2023ApJ...945..124H},
      adsnote = {Provided by the SAO/NASA Astrophysics Data System}
}


@ARTICLE{Bevins_2022,
       author = {{Bevins}, H.~T.~J. and {Fialkov}, A. and {de Lera Acedo}, E. and {Handley}, W.~J. and {Singh}, S. and {Subrahmanyan}, R. and {Barkana}, R.},
        title = "{Astrophysical constraints from the SARAS 3 non-detection of the cosmic dawn sky-averaged 21-cm signal}",
      journal = {Nature Astronomy},
     keywords = {Astrophysics - Cosmology and Nongalactic Astrophysics},
         year = 2022,
        month = dec,
       volume = {6},
        pages = {1473-1483},
          doi = {10.1038/s41550-022-01825-6},
archivePrefix = {arXiv},
       eprint = {2212.00464},
 primaryClass = {astro-ph.CO},
       adsurl = {https://ui.adsabs.harvard.edu/abs/2022NatAs...6.1473B},
      adsnote = {Provided by the SAO/NASA Astrophysics Data System}
}



@ARTICLE{DiDio_2014,
       author = {{Di Dio}, Enea and {Montanari}, Francesco and {Durrer}, Ruth and {Lesgourgues}, Julien},
        title = "{Cosmological parameter estimation with large scale structure observations}",
      journal = {\jcap},
     keywords = {Astrophysics - Cosmology and Nongalactic Astrophysics, General Relativity and Quantum Cosmology},
         year = 2014,
        month = jan,
       volume = {2014},
       number = {1},
          eid = {042},
        pages = {042},
          doi = {10.1088/1475-7516/2014/01/042},
archivePrefix = {arXiv},
       eprint = {1308.6186},
 primaryClass = {astro-ph.CO},
       adsurl = {https://ui.adsabs.harvard.edu/abs/2014JCAP...01..042D},
      adsnote = {Provided by the SAO/NASA Astrophysics Data System}
}

@ARTICLE{Shimon_2011,
       author = {{Shimon}, M. and {Sadeh}, S. and {Rephaeli}, Y.},
        title = "{Neutrino mass inference from Sunyaev-Zel'dovich surveys}",
      journal = {\mnras},
     keywords = {cosmic background rediation, cosmological parameters, large-scale structure of Universe, Astrophysics - Cosmology and Nongalactic Astrophysics},
         year = 2011,
        month = apr,
       volume = {412},
       number = {3},
        pages = {1895-1904},
          doi = {10.1111/j.1365-2966.2010.18026.x},
archivePrefix = {arXiv},
       eprint = {1009.4110},
 primaryClass = {astro-ph.CO},
       adsurl = {https://ui.adsabs.harvard.edu/abs/2011MNRAS.412.1895S},
      adsnote = {Provided by the SAO/NASA Astrophysics Data System}
}

@ARTICLE{Khatri_2013,
       author = {{Khatri}, Rishi and {Sunyaev}, Rashid A.},
        title = "{Forecasts for CMB {\ensuremath{\mu}} and i-type spectral distortion constraints on the primordial power spectrum on scales 8lesssimklesssim{}10$^{4}$ Mpc$^{-1}$ with the future Pixie-like experiments}",
      journal = {\jcap},
     keywords = {Astrophysics - Cosmology and Extragalactic Astrophysics, High Energy Physics - Phenomenology},
         year = 2013,
        month = jun,
       volume = {2013},
       number = {6},
          eid = {026},
        pages = {026},
          doi = {10.1088/1475-7516/2013/06/026},
archivePrefix = {arXiv},
       eprint = {1303.7212},
 primaryClass = {astro-ph.CO},
       adsurl = {https://ui.adsabs.harvard.edu/abs/2013JCAP...06..026K},
      adsnote = {Provided by the SAO/NASA Astrophysics Data System}
}

@ARTICLE{Zhai_2017,
       author = {{Zhai}, Zhongxu and {Blanton}, Michael R.},
        title = "{A Forecast for the Detection of the Power Asymmetry from Galaxy Surveys}",
      journal = {\apj},
     keywords = {large-scale structure of universe, Astrophysics - Cosmology and Nongalactic Astrophysics},
         year = 2017,
        month = nov,
       volume = {850},
       number = {1},
          eid = {41},
        pages = {41},
          doi = {10.3847/1538-4357/aa93e1},
archivePrefix = {arXiv},
       eprint = {1707.06555},
 primaryClass = {astro-ph.CO},
       adsurl = {https://ui.adsabs.harvard.edu/abs/2017ApJ...850...41Z},
      adsnote = {Provided by the SAO/NASA Astrophysics Data System}
}



@ARTICLE{Bonvin_2018,
       author = {{Bonvin}, Camille and {Fleury}, Pierre},
        title = "{Testing the equivalence principle on cosmological scales}",
      journal = {\jcap},
     keywords = {Astrophysics - Cosmology and Nongalactic Astrophysics, General Relativity and Quantum Cosmology},
         year = 2018,
        month = may,
       volume = {2018},
       number = {5},
          eid = {061},
        pages = {061},
          doi = {10.1088/1475-7516/2018/05/061},
archivePrefix = {arXiv},
       eprint = {1803.02771},
 primaryClass = {astro-ph.CO},
       adsurl = {https://ui.adsabs.harvard.edu/abs/2018JCAP...05..061B},
      adsnote = {Provided by the SAO/NASA Astrophysics Data System}
}



@ARTICLE{2007_Seo,
       author = {{Seo}, Hee-Jong and {Eisenstein}, Daniel J.},
        title = "{Improved Forecasts for the Baryon Acoustic Oscillations and Cosmological Distance Scale}",
      journal = {\apj},
     keywords = {Cosmology: Cosmic Microwave Background, Cosmology: Cosmological Parameters, Cosmology: Distance Scale, Cosmology: Large-Scale Structure of Universe, Astrophysics},
         year = 2007,
        month = aug,
       volume = {665},
       number = {1},
        pages = {14-24},
          doi = {10.1086/519549},
archivePrefix = {arXiv},
       eprint = {astro-ph/0701079},
 primaryClass = {astro-ph},
       adsurl = {https://ui.adsabs.harvard.edu/abs/2007ApJ...665...14S},
      adsnote = {Provided by the SAO/NASA Astrophysics Data System}
}

@ARTICLE{dAssignies_2023,
       author = {{d'Assignies D}, William and {Zhao}, Cheng and {Yu}, Jiaxi and {Kneib}, Jean-Paul},
        title = "{Cosmological Fisher forecasts for next-generation spectroscopic surveys}",
      journal = {\mnras},
     keywords = {neutrinos, techniques: spectroscopic, surveys, cosmological parameters, early Universe, large-scale structure of Universe, Astrophysics - Cosmology and Nongalactic Astrophysics},
         year = 2023,
        month = may,
       volume = {521},
       number = {3},
        pages = {3648-3662},
          doi = {10.1093/mnras/stad611},
archivePrefix = {arXiv},
       eprint = {2301.02289},
 primaryClass = {astro-ph.CO},
       adsurl = {https://ui.adsabs.harvard.edu/abs/2023MNRAS.521.3648D},
      adsnote = {Provided by the SAO/NASA Astrophysics Data System}
}


@ARTICLE{Vallisneri_2008,
       author = {{Vallisneri}, Michele},
        title = "{Use and abuse of the Fisher information matrix in the assessment of gravitational-wave parameter-estimation prospects}",
      journal = {\prd},
     keywords = {04.80.Nn, 02.50.Tt, 95.55.Ym, Gravitational wave detectors and experiments, Inference methods, Gravitational radiation detectors, mass spectrometers, and other instrumentation and techniques, General Relativity and Quantum Cosmology},
         year = 2008,
        month = feb,
       volume = {77},
       number = {4},
          eid = {042001},
        pages = {042001},
          doi = {10.1103/PhysRevD.77.042001},
archivePrefix = {arXiv},
       eprint = {gr-qc/0703086},
 primaryClass = {gr-qc},
       adsurl = {https://ui.adsabs.harvard.edu/abs/2008PhRvD..77d2001V},
      adsnote = {Provided by the SAO/NASA Astrophysics Data System}
}




@ARTICLE{Mason_2023,
       author = {{Mason}, Charlotte A. and {Mu{\~n}oz}, Julian B. and {Greig}, Bradley and {Mesinger}, Andrei and {Park}, Jaehong},
        title = "{21CMFISH: Fisher-matrix framework for fast parameter forecasts from the cosmic 21-cm signal}",
      journal = {\mnras},
     keywords = {galaxies: high-redshift, dark ages, reionization, first stars, Astrophysics - Cosmology and Nongalactic Astrophysics, Astrophysics - Astrophysics of Galaxies},
         year = 2023,
        month = sep,
       volume = {524},
       number = {3},
        pages = {4711-4728},
          doi = {10.1093/mnras/stad2145},
archivePrefix = {arXiv},
       eprint = {2212.09797},
 primaryClass = {astro-ph.CO},
       adsurl = {https://ui.adsabs.harvard.edu/abs/2023MNRAS.524.4711M},
      adsnote = {Provided by the SAO/NASA Astrophysics Data System}
}


@ARTICLE{Sellentin_2014,
       author = {{Sellentin}, Elena and {Quartin}, Miguel and {Amendola}, Luca},
        title = "{Breaking the spell of Gaussianity: forecasting with higher order Fisher matrices}",
      journal = {\mnras},
     keywords = {methods: data analysis, methods: numerical, methods: statistical, cosmolog-ical parameters, Astrophysics - Cosmology and Nongalactic Astrophysics, Astrophysics - Instrumentation and Methods for Astrophysics, Physics - Data Analysis, Statistics and Probability},
         year = 2014,
        month = jun,
       volume = {441},
       number = {2},
        pages = {1831-1840},
          doi = {10.1093/mnras/stu689},
archivePrefix = {arXiv},
       eprint = {1401.6892},
 primaryClass = {astro-ph.CO},
       adsurl = {https://ui.adsabs.harvard.edu/abs/2014MNRAS.441.1831S},
      adsnote = {Provided by the SAO/NASA Astrophysics Data System}
}

